<record xmlns="http://www.loc.gov/MARC21/slim" xmlns:xsi="http://www.w3.org/2001/XMLSchema-instance" xsi:schemaLocation="http://www.loc.gov/MARC21/slim http://www.loc.gov/standards/marcxml/schema/MARC21slim.xsd"><leader>01636nam a2200361   4500</leader><controlfield tag="001">001367186</controlfield><controlfield tag="003">NNU</controlfield><controlfield tag="006">m        d        </controlfield><controlfield tag="007">cr cn |||m|||a</controlfield><controlfield tag="008">150223s1964    iq      o     000 1 arard</controlfield><datafield ind1=" " ind2=" " tag="040"><subfield code="a">NNU</subfield><subfield code="b">eng</subfield><subfield code="c">NNU</subfield></datafield><datafield ind1=" " ind2="4" tag="050"><subfield code="a">PJ7711</subfield><subfield code="b">.B8 1964</subfield></datafield><datafield ind1=" " ind2=" " tag="066"><subfield code="c">(3</subfield></datafield><datafield ind1="0" ind2=" " tag="130"><subfield code="a">Arabian nights.</subfield></datafield><datafield ind1="1" ind2="0" tag="245"><subfield code="6">880-01</subfield><subfield code="a">Alf laylah wa-laylah</subfield><subfield code="h">[electronic resource] /</subfield><subfield code="c">muq&#257;balah wa-ta&#7779;&#7717;&#299;&#7717; Mu&#7717;ammad Qi&#7789;&#7789;ah &#699;Adaw&#299;.</subfield></datafield><datafield ind1="3" ind2=" " tag="246"><subfield code="a">Alif laila wa laila</subfield></datafield><datafield ind1="3" ind2=" " tag="246"><subfield code="a">Book of a thousand and one night</subfield></datafield><datafield ind1=" " ind2=" " tag="260"><subfield code="6">880-02</subfield><subfield code="a">Baghd&#257;d :</subfield><subfield code="b">Maktabat al-Muthann&#225;,</subfield><subfield code="c">[1964?]</subfield></datafield><datafield ind1=" " ind2=" " tag="300"><subfield code="a">online resource (2 v.)</subfield></datafield><datafield ind1=" " ind2=" " tag="500"><subfield code="a">Reprint. Originally published: al-&#7788;ab&#699;ah 1. B&#363;l&#257;q : Ma&#7789;ba&#699;at B&#363;l&#257;q, 1252 [1836 or 1837]</subfield></datafield><datafield ind1=" " ind2=" " tag="500"><subfield code="a">Part of the Arabic Collections Online (ACO) project, contributed by New York Univeristy Libraries.</subfield></datafield><datafield ind1=" " ind2=" " tag="533"><subfield code="a">Electronic reproduction.</subfield><subfield code="b">New York, N.Y. :</subfield><subfield code="c">New York University,</subfield><subfield code="d">2015.</subfield><subfield code="5">NNU</subfield></datafield><datafield ind1=" " ind2="0" tag="650"><subfield code="a">Tales</subfield><subfield code="z">Middle East.</subfield></datafield><datafield ind1="1" ind2=" " tag="700"><subfield code="6">880-03</subfield><subfield code="a">&#699;Adaw&#299;, Mu&#7717;ammad Qi&#7789;&#7789;ah</subfield></datafield><datafield ind1="2" ind2=" " tag="710"><subfield code="a">New York University.</subfield><subfield code="b">Libraries.</subfield></datafield><datafield ind1="0" ind2=" " tag="730"><subfield code="a">Arabic Collections Online.</subfield></datafield><datafield ind1="0" ind2="8" tag="776"><subfield code="i">Print version:</subfield><subfield code="t">Alf laylah wa-laylah</subfield><subfield code="w">(NNU)001367186</subfield><subfield code="w">(DLC)ne 67000932</subfield></datafield><datafield ind1="4" ind2="0" tag="856"><subfield code="u">http://hdl.handle.net/2333.1/6q573qgc</subfield></datafield><datafield ind1="1" ind2="0" tag="880"><subfield code="6">245-01/</subfield><subfield code="a">&#1575;&#1604;&#1601; &#1604;&#1610;&#1604;&#1577; &#1608;&#1604;&#1610;&#1604;&#1577; /</subfield><subfield code="c">&#1605;&#1602;&#1575;&#1576;&#1604;&#1577; &#1608;&#1578;&#1589;&#1581;&#1610;&#1581; &#1605;&#1581;&#1605;&#1583; &#1602;&#1591;&#1577; &#1575;&#1604;&#1593;&#1583;&#1608;&#1610;.</subfield></datafield><datafield ind1=" " ind2=" " tag="880"><subfield code="6">260-02/</subfield><subfield code="a">&#1576;&#1594;&#1583;&#1575;&#1583; :</subfield><subfield code="b">&#1605;&#1603;&#1578;&#1576;&#1577; &#1575;&#1604;&#1605;&#1579;&#1606;&#1609;&#1548;</subfield><subfield code="c">[1964?]</subfield></datafield><datafield ind1="1" ind2=" " tag="880"><subfield code="6">700-03/</subfield><subfield code="a">&#1593;&#1583;&#1608;&#1610;&#1548; &#1605;&#1581;&#1605;&#1583; &#1602;&#1591;&#1577;.</subfield></datafield><datafield ind1=" " ind2=" " tag="959"><subfield code="a">NNU</subfield><subfield code="b">WEB</subfield><subfield code="c">GENI</subfield><subfield code="t">0</subfield><subfield code="m">Electronic access</subfield><subfield code="s">01</subfield></datafield><datafield ind1=" " ind2=" " tag="999"><subfield code="i">NNU_001367186</subfield><subfield code="s">nyu_aco000001:v.1</subfield><subfield code="s">nyu_aco000002:v.2</subfield><subfield code="e">(ERROR-880)</subfield></datafield></record>